@conference{DBLP:conf/ijcai/GaoZSS20,
  author    = {Lianli Gao and
               Zhilong Zhou and
               Heng Tao Shen and
               Jingkuan Song},
  editor    = {Christian Bessiere},
  title     = {Bottom-up and Top-down: Bidirectional Additive Net for Edge Detection},
  booktitle = {Proceedings of the Twenty-Ninth International Joint Conference on
               Artificial Intelligence, {IJCAI} 2020},
  pages     = {594--600},
  publisher = {ijcai.org},
  year      = {2020},
}

@article{DBLP:journals/www/LiZCG19,
  author    = {Xiangpeng Li and
               Zhilong Zhou and
               Lijiang Chen and
               Lianli Gao},
  title     = {Residual attention-based {LSTM} for video captioning},
  journal   = {World Wide Web},
  volume    = {22},
  number    = {2},
  pages     = {621--636},
  year      = {2019},
}

@inproceedings{DBLP:conf/mm/SongZGXS18,
  author    = {Jingkuan Song and
               Zhilong Zhou and
               Lianli Gao and
               Xing Xu and
               Heng Tao Shen},
  editor    = {Susanne Boll and
               Kyoung Mu Lee and
               Jiebo Luo and
               Wenwu Zhu and
               Hyeran Byun and
               Chang Wen Chen and
               Rainer Lienhart and
               Tao Mei},
  title     = {Cumulative Nets for Edge Detection},
  booktitle = {2018 {ACM} Multimedia Conference on Multimedia Conference, {MM} 2018,
               Seoul, Republic of Korea, October 22-26, 2018},
  pages     = {1847--1855},
  publisher = {{ACM}},
  year      = {2018},
}