@conference{AlexNet,
  author    = {Alex Krizhevsky and
               Ilya Sutskever and
               Geoffrey E. Hinton},
  title     = {ImageNet Classification with Deep Convolutional Neural Networks},
  booktitle = {26th Annual Conference on Neural Information Processing Systems, Lake Tahoe,  December 3-6},
  pages     = {1106--1114},
  year      = {2012},
}

@article{ImageNet,
author = {Olga Russakovsky and Jia Deng and Hao Su and Jonathan Krause and Sanjeev Satheesh and Sean Ma and Zhiheng Huang and Andrej Karpathy and Aditya Khosla and Michael Bernstein and Alexander C. Berg and Li Fei-Fei},
title = {{ImageNet Large Scale Visual Recognition Challenge}},
year = {2015},
journal   = {International Journal of Computer Vision (IJCV)},
volume={115},
number={3},
pages={211-252}
}

@conference{kaiming_deeplearning,
  author    = {Kaiming He and
               Ross B. Girshick and
               Piotr Doll{\'{a}}r},
  title     = {Rethinking ImageNet Pre-Training},
  booktitle = {{IEEE/CVF} International Conference on Computer Vision,  Seoul,  October 27 - November 2},
  pages     = {4917--4926},
  publisher = {{IEEE}},
  year      = {2019},
}

@conference{nlp,
  author    = {Jipeng Zhang and
               Lei Wang and
               Roy Ka{-}Wei Lee and
               Yi Bin and
               Yan Wang and
               Jie Shao and
               Ee{-}Peng Lim},
  title     = {Graph-to-Tree Learning for Solving Math Word Problems},
  booktitle = {Proceedings of the 58th Annual Meeting of the Association for Computational
               Linguistics, Online, July 5-10},
  pages     = {3928--3937},
  publisher = {Association for Computational Linguistics},
  year      = {2020},
}


@conference{segmentation_edge,
  author    = {Liang{-}Chieh Chen and
               Jonathan T. Barron and
               George Papandreou and
               Kevin Murphy and
               Alan L. Yuille},
  title     = {Semantic Image Segmentation with Task-Specific Edge Detection Using
               CNNs and a Discriminatively Trained Domain Transform},
  booktitle = {Conference on  Computer Vision and  Pattern  Recognition,Las Vegas, June 26 - July 1},
  pages     = {4545--4554},
  year      = {2016}

}

@conference{saliency_edge,
  author    = {Wenguan Wang and
               Shuyang Zhao and
               Jianbing Shen and
               Steven C. H. Hoi and
               Ali Borji},
  title     = {Salient Object Detection With Pyramid Attention and Salient Edges},
  booktitle = {Conference on  Computer Vision and  Pattern  Recognition, California, June 16 - 19},
  pages     = {1448--1457},
  year      = {2019}
}

@conference{SENet,
  author    = {Jie Hu and
               Li Shen and
               Gang Sun},
  title     = {Squeeze-and-Excitation Networks},
  booktitle = {Conference on  Computer Vision and  Pattern  Recognition, Salt Lake City, June 18 - 22},
  pages     = {7132--7141},
  year      = {2018}
}
@conference{saliency_edge2,
  author    = {Xin Li and
               Fan Yang and
               Hong Cheng and
               Wei Liu and
               Dinggang Shen},
  title     = {Contour Knowledge Transfer for Salient Object Detection},
  booktitle = {the European Conference on Computer Vision, Munich, September 8 – 14},
  pages     = {370--385},
  year      = {2018}
}


@article{traditional_1,
  author    = {Piotr Doll{\'{a}}r and
               C. Lawrence Zitnick},
  title     = {Fast Edge Detection Using Structured Forests},
  journal   = {{IEEE} Trans. Pattern Anal. Mach. Intell.},
  volume    = {37},
  number    = {8},
  pages     = {1558--1570},
  year      = {2015}
}

@article{Pb,
  author    = {David R. Martin and
               Charless C. Fowlkes and
               Jitendra Malik},
  title     = {Learning to Detect Natural Image Boundaries Using Local Brightness,
               Color, and Texture Cues},
  journal   = {{IEEE} Trans. Pattern Anal. Mach. Intell.},
  volume    = {26},
  number    = {5},
  pages     = {530--549},
  year      = {2004}
}

@article{46191,
title	= {Deconvolution and Checkerboard Artifacts},
author	= {Augustus Odena and Vincent Dumoulin and Chris Olah},
year	= {2016},
URL	= {http://distill.pub/2016/deconv-checkerboard/},
journal	= {Distill}
}


@article{HED,
  author    = {Saining Xie and
               Zhuowen Tu},
  title     = {Holistically-Nested Edge Detection},
  journal   = {International Journal of Computer Vision (IJCV)},
  volume    = {125},
  number    = {1-3},
  pages     = {3--18},
  year      = {2017}
}


@article{RCF,
  author    = {Yun Liu and
               Ming{-}Ming Cheng and
               Xiaowei Hu and
               Jia{-}Wang Bian and
               Le Zhang and
               Xiang Bai and
               Jinhui Tang},
  title     = {Richer Convolutional Features for Edge Detection},
  journal   = {{IEEE} Trans. Pattern Anal. Mach. Intell.},
  volume    = {41},
  number    = {8},
  pages     = {1939--1946},
  year      = {2019}
}
@conference{DeepEdge,
  author    = {Gedas Bertasius and
               Jianbo Shi and
               Lorenzo Torresani},
  title     = {DeepEdge: {A} multi-scale bifurcated deep network for top-down contour
               detection},
  booktitle = {Conference on  Computer Vision and  Pattern  Recognition, Boston, June 7 - 12},
  pages     = {4380--4389},
  year      = {2015}
}

@conference{DeepContour,
  author    = {Wei Shen and
               Xinggang Wang and
               Yan Wang and
               Xiang Bai and
               Zhijiang Zhang},
  title     = {DeepContour: {A} deep convolutional feature learned by positive-sharing
               loss for contour detection},
  booktitle = {Conference on  Computer Vision and  Pattern  Recognition, Boston, June 7 - 12},
  pages     = {3982--3991},
  year      = {2015}
}

@conference{CEDN,
  author    = {Jimei Yang and
               Brian L. Price and
               Scott Cohen and
               Honglak Lee and
               Ming{-}Hsuan Yang},
  title     = {Object Contour Detection with a Fully Convolutional Encoder-Decoder
               Network},
  booktitle = {Conference on  Computer Vision and  Pattern  Recognition, Las Vegas, June 26 - 30},
  pages     = {193--202},
  year      = {2016}
}

@article{COB,
  author    = {Kevis{-}Kokitsi Maninis and
               Jordi Pont{-}Tuset and
               Pablo Arbelaez and
               Luc Van Gool},
  title     = {Convolutional Oriented Boundaries: From Image Segmentation to High-Level
               Tasks},
  journal   = {{IEEE} Trans. Pattern Anal. Mach. Intell.},
  volume    = {40},
  number    = {4},
  pages     = {819--833},
  year      = {2018}
}

@conference{CNet,
  author    = {Jingkuan Song and
               Zhilong Zhou and
               Lianli Gao and
               Xing Xu and
               Heng Tao Shen},
  title     = {Cumulative Nets for Edge Detection},
  booktitle = {ACM Multimedia, Seoul,  October 22 - 26},
  pages     = {1847--1855},
  year      = {2018}
}


@conference{Crisp,
  author    = {Ruoxi Deng and
               Chunhua Shen and
               Shengjun Liu and
               Huibing Wang and
               Xinru Liu},
  title     = {Learning to Predict Crisp Boundaries},
  booktitle = {the European Conference on Computer Vision{ECCV}, Munich, September 8 – 14},
  pages     = {570--586},
  year      = {2018}
}

@conference{AMHNet,
  author    = {Dan Xu and
               Wanli Ouyang and
               Xavier Alameda{-}Pineda and
               Elisa Ricci and
               Xiaogang Wang and
               Nicu Sebe},
  title     = {Learning Deep Structured Multi-Scale Features using Attention-Gated
               CRFs for Contour Prediction},
  booktitle = {Advances in Neural Information Processing Systems, Long Beach, December 4-9},
  pages     = {3961--3970},
  year      = {2017}
}

@article{CED,
  author    = {Yupei Wang and
               Xin Zhao and
               Yin Li and
               Kaiqi Huang},
  title     = {Deep Crisp Boundaries: From Boundaries to Higher-Level Tasks},
  journal   = {{IEEE} Trans. Image Processing},
  volume    = {28},
  number    = {3},
  pages     = {1285--1298},
  year      = {2019}
}

@conference{BDCN,
  author    = {Jianzhong He and
               Shiliang Zhang and
               Ming Yang and
               Yanhu Shan and
               Tiejun Huang},
  title     = {Bi-Directional Cascade Network for Perceptual Edge Detection},
  booktitle = {{IEEE} Conference on Computer Vision and Pattern Recognition,
               , Long Beach, June 16-20},
  pages     = {3828--3837},
  year      = {2019}
}

@conference{Pytorch,
  author    = {Adam Paszke and
               Sam Gross and
               Francisco Massa and
               Adam Lerer and
               James Bradbury and
               Gregory Chanan and
               Trevor Killeen and
               Zeming Lin and
               Natalia Gimelshein and
               Luca Antiga and
               Alban Desmaison and
               Andreas K{\"{o}}pf and
               Edward Yang and
               Zachary DeVito and
               Martin Raison and
               Alykhan Tejani and
               Sasank Chilamkurthy and
               Benoit Steiner and
               Lu Fang and
               Junjie Bai and
               Soumith Chintala},
  title     = {PyTorch: An Imperative Style, High-Performance Deep Learning Library},
  booktitle = {Advances in Neural Information Processing Systems 32: Annual Conference
               on Neural Information Processing Systems, Vancouver, December
               8-14},
  pages     = {8024--8035},
  year      = {2019}
}

@conference{UNet,
  author    = {Olaf Ronneberger and
               Philipp Fischer and
               Thomas Brox},
  title     = {U-Net: Convolutional Networks for Biomedical Image Segmentation},
  booktitle = {Medical Image Computing and Computer-Assisted Intervention 
              ,Munich,  October 5 -
               9},
  pages     = {234--241},
  year      = {2015}
}

@article{DeepLab,
  author    = {Liang{-}Chieh Chen and
               George Papandreou and
               Iasonas Kokkinos and
               Kevin Murphy and
               Alan L. Yuille},
  title     = {DeepLab: Semantic Image Segmentation with Deep Convolutional Nets,
               Atrous Convolution, and Fully Connected CRFs},
  journal   = {{IEEE} Trans. Pattern Anal. Mach. Intell.},
  volume    = {40},
  number    = {4},
  pages     = {834--848},
  year      = {2018}
}

@conference{FPN,
  author    = {Tsung{-}Yi Lin and
               Piotr Doll{\'{a}}r and
               Ross B. Girshick and
               Kaiming He and
               Bharath Hariharan and
               Serge J. Belongie},
  title     = {Feature Pyramid Networks for Object Detection},
  booktitle = {{IEEE} Conference on Computer Vision and Pattern Recognition, Honolulu, July 21-26},
  pages     = {936--944},
  year      = {2017}
}

@conference{FCN,
  author    = {Jonathan Long and
               Evan Shelhamer and
               Trevor Darrell},
  title     = {Fully convolutional networks for semantic segmentation},
  booktitle = {{IEEE} Conference on Computer Vision and Pattern Recognition
               , Boston June 7-12},
  pages     = {3431--3440},
  year      = {2015}
}

@article{gPB,
  author    = {Pablo Arbelaez and
               Michael Maire and
               Charless C. Fowlkes and
               Jitendra Malik},
  title     = {Contour Detection and Hierarchical Image Segmentation},
  journal   = {{IEEE} Trans. Pattern Anal. Mach. Intell.},
  volume    = {33},
  number    = {5},
  pages     = {898--916},
  year      = {2011}
}

@conference{NYUD,
  author    = {Nathan Silberman and
               Derek Hoiem and
               Pushmeet Kohli and
               Rob Fergus},
  title     = {Indoor Segmentation and Support Inference from {RGBD} Images},
  booktitle = {European Conference on Computer
               Vision, Florence, October 7-13},
  pages     = {746--760},
  year      = {2012}
}

@inproceedings{lim2013sketch,
  title={Sketch tokens: A learned mid-level representation for contour and object detection},
  author={Lim, Joseph J and Zitnick, C Lawrence and Doll{\'a}r, Piotr},
  booktitle={{IEEE} Conference on Computer Vision and Pattern Recognition,
               Portland, June 23-28},
  pages={3158--3165},
  year={2013}
}

@conference{Tensorflow,
  title={Tensorflow: A system for large-scale machine learning},
  author={Abadi, Mart{\'\i}n and Barham, Paul and Chen, Jianmin and Chen, Zhifeng and Davis, Andy and Dean, Jeffrey and Devin, Matthieu and Ghemawat, Sanjay and Irving, Geoffrey and Isard, Michael and others},
  booktitle={12th {USENIX} Symposium on Operating Systems Design and Implementation,
               {OSDI}, Savannah, November 2-4},
  pages={265--283},
  year={2016}
}
@article{EGB,
  title={Efficient graph-based image segmentation},
  author={Felzenszwalb, Pedro F and Huttenlocher, Daniel P},
  journal={International Journal of Computer Vision},
  volume={59},
  number={2},
  pages={167--181},
  year={2004},
  publisher={Springer}
}

@article{MeanShift,
  title={Mean shift: A robust approach toward feature space analysis},
  author={Comaniciu, Dorin and Meer, Peter},
  journal={IEEE Transactions on Pattern Analysis and Machine Intelligence},
  volume={24},
  number={5},
  pages={603--619},
  year={2002},
  publisher={IEEE}
}

@conference{VGGNet,
  author    = {Karen Simonyan and
               Andrew Zisserman},
  title     = {Very Deep Convolutional Networks for Large-Scale Image Recognition},
  booktitle = {3rd International Conference on Learning Representations,
               San Diego,  May 7-9},
  year      = {2015},
  pages = {0-0}
}



@article{Canny,
  author    = {John F. Canny},
  title     = {A Computational Approach to Edge Detection},
  journal   = {{IEEE} Trans. Pattern Anal. Mach. Intell.},
  volume    = {8},
  number    = {6},
  pages     = {679--698},
  year      = {1986}
}

@article{traditional_4,
  author    = {Dorin Comaniciu and
               Peter Meer},
  title     = {Mean Shift: {A} Robust Approach Toward Feature Space Analysis},
  journal   = {{IEEE} Trans. Pattern Anal. Mach. Intell.},
  volume    = {24},
  number    = {5},
  pages     = {603--619},
  year      = {2002}
}

@article{traditional_5,
  author    = {Jordi Pont{-}Tuset and
               Pablo Arbelaez and
               Jonathan T. Barron and
               Ferran Marqu{\'{e}}s and
               Jitendra Malik},
  title     = {Multiscale Combinatorial Grouping for Image Segmentation and Object
               Proposal Generation},
  journal   = {{IEEE} Trans. Pattern Anal. Mach. Intell.},
  volume    = {39},
  number    = {1},
  pages     = {128--140},
  year      = {2017}
}

@conference{traditional_6,
  author    = {Sam Hallman and
               Charless C. Fowlkes},
  title     = {Oriented edge forests for boundary detection},
  booktitle = {{IEEE} Conference on Computer Vision and Pattern Recognition,
              Boston, June 7-12},
  pages     = {1732--1740},
  year      = {2015}
}

@conference{traditional_7,
  author    = {Saurabh Gupta and
               Pablo Arbelaez and
               Jitendra Malik},
  title     = {Perceptual Organization and Recognition of Indoor Scenes from {RGB-D}
               Images},
  booktitle = {{IEEE} Conference on Computer Vision and Pattern Recognition,
               Portland, June 23-28},
  pages     = {564--571},
  year      = {2013}
}


@conference{traditional_8,
  author    = {Saurabh Gupta and
               Ross B. Girshick and
               Pablo Andr{\'{e}}s Arbel{\'{a}}ez and
               Jitendra Malik},
  title     = {Learning Rich Features from {RGB-D} Images for Object Detection and
               Segmentation},
  booktitle = {{ECCV}- 13th European Conference, Zurich,
               Switzerland, September 6-12},
  pages     = {345--360},
  year      = {2014}
}

@conference{ResNet,
  author    = {Kaiming He and
               Xiangyu Zhang and
               Shaoqing Ren and
               Jian Sun},
  title     = {Deep Residual Learning for Image Recognition},
  booktitle = {{IEEE} Conference on Computer Vision and Pattern Recognition, Las Vegas, June 27-30},
  pages     = {770--778},
  year      = {2016}
}
@conference{Saliency_Pyramid_Attention,
  author    = {Wenguan Wang and
               Shuyang Zhao and
               Jianbing Shen and
               Steven C. H. Hoi and
               Ali Borji},
  title     = {Salient Object Detection With Pyramid Attention and Salient Edges},
  booktitle = {{IEEE} Conference on Computer Vision and Pattern Recognition
               , Long Beach, June 16-20},
  pages     = {1448--1457},
  publisher = {Computer Vision Foundation / {IEEE}},
  year      = {2019},
}
@conference{Edge_Attention,  author={J. {Yu} and H. {Chen} and W. {Wang}},  booktitle={8th international Conference on Signal Processing, New York, },  title={Edge Detection Based on Attention Mechanism of Vision Perception},   year={2006},  volume={1},  number={2},  pages={143-151}}
}

@conference{DensePose,
	author    = {Yuyu Guo and
	Lianli Gao and
	Jingkuan Song and
	Peng Wang and
	Wuyuan Xie and
	Heng Tao Shen},
	title     = {Adaptive Multi-Path Aggregation for Human DensePose Estimation in
	the Wild},
	booktitle = {Proceedings of the 27th {ACM} International Conference on Multimedia, Nice, October 21-25},
	pages     = {356--364},
	year      = {2019}
}

@article{Captioning,
	title={Hierarchical LSTMs with adaptive attention for visual captioning},
	author={Gao, Lianli and Li, Xiangpeng and Song, Jingkuan and Shen, Heng Tao},
	journal={{IEEE} Trans. Pattern Anal. Mach. Intell.},
	year={2019},
	publisher={IEEE},
  volume    = {42},
  number    = {5},
  pages     = {1112--1131},
}
@article{zhu2016robust,
	title={Robust joint graph sparse coding for unsupervised spectral feature selection},
	author={Zhu, Xiaofeng and Li, Xuelong and Zhang, Shichao and Ju, Chunhua and Wu, Xindong},
	journal={IEEE Transactions On Neural Networks And Learning Systems},
	volume={28},
	number={6},
	pages={1263--1275},
	year={2016},
	publisher={IEEE}
}
@article{Hash,
	author    = {Fumin Shen and Chunhua Shen and Qinfeng Shi and
	Anton van den Hengel and  Zhenmin Tang and
	Heng Tao Shen},
	title     = {Hashing on Nonlinear Manifolds},
	journal   = {{IEEE} Trans. Image Processing},
	volume    = {24},
	number    = {6},
	pages     = {1839--1851},
	year      = {2015},
}

@conference{Inception,
  author    = {Sergey Ioffe and
               Christian Szegedy},
  title     = {Batch Normalization: Accelerating Deep Network Training by Reducing
               Internal Covariate Shift},
  booktitle = {Proceedings of the 32nd International Conference on Machine Learning, Lille,  July 6 - 11},
  volume    = {37},
  pages     = {448--456},
  publisher = {JMLR.org},
  year      = {2015},
}

@conference{Inception2,
  author    = {Christian Szegedy and
               Vincent Vanhoucke and
               Sergey Ioffe and
               Jonathon Shlens and
               Zbigniew Wojna},
  title     = {Rethinking the Inception Architecture for Computer Vision},
  booktitle = {{IEEE} Conference on Computer Vision and Pattern Recognition, Las Vegas, June 27-30},
  pages     = {2818--2826},
  publisher = {{IEEE} Computer Society},
  year      = {2016},
}

@article{FasterRCNN,
  title={Faster r-cnn: Towards real-time object detection with region proposal networks},
  author={Ren, Shaoqing and He, Kaiming and Girshick, Ross and Sun, Jian},
  journal={IEEE Transactions on Pattern Analysis and Machine Intelligence},
  volume={39},
  number={6},
  pages={1137--1149},
  year={2016},
  publisher={IEEE}
}

@conference{PSPNet,
  title={Pyramid scene parsing network},
  author={Zhao, Hengshuang and Shi, Jianping and Qi, Xiaojuan and Wang, Xiaogang and Jia, Jiaya},
  booktitle={Proceedings of the IEEE conference on computer vision and pattern recognition, Honolulu, July 21-26},
  pages={2881--2890},
  year={2017}
}

@conference{vqa1,
  title={Vqa: Visual question answering},
  author={Antol, Stanislaw and Agrawal, Aishwarya and Lu, Jiasen and Mitchell, Margaret and Batra, Dhruv and Lawrence Zitnick, C and Parikh, Devi},
  booktitle = {{IEEE} International Conference on Computer Vision, {ICCV},
               Santiago, December 7-13},
  pages={2425--2433},
  year={2015}
}
@conference{vqa2,
  title={Vqs: Linking segmentations to questions and answers for supervised attention in vqa and question-focused semantic segmentation},
  author={Gan, Chuang and Li, Yandong and Li, Haoxiang and Sun, Chen and Gong, Boqing},
  booktitle = {{IEEE} International Conference on Computer Vision, {ICCV}, Venice,October 22-29},
  pages={1811--1820},
  year={2017}
}

@conference{Captioning2,
  title={Reconstruction network for video captioning},
  author={Wang, Bairui and Ma, Lin and Zhang, Wei and Liu, Wei},
  booktitle = {{IEEE} Conference on Computer Vision and Pattern Recognition, Salt Lake City, June 18-22},
  pages={7622--7631},
  year={2018}
}

@conference{N4_Field,
  title={N4-Fields: Neural Network Nearest Neighbor Fields for Image Transforms},
  author={Ganin, Yaroslav and Lempitsky, Victor},
  booktitle={Asian Conference on Computer Vision,Singapore, Nov 1 - 5},
  pages={536--551},
  year={2014},
  organization={Springer}
}

@conference{PixelShuffle,
  title={Real-time single image and video super-resolution using an efficient sub-pixel convolutional neural network},
  author={Shi, Wenzhe and Caballero, Jose and Husz{\'a}r, Ferenc and Totz, Johannes and Aitken, Andrew P and Bishop, Rob and Rueckert, Daniel and Wang, Zehan},
  booktitle={{IEEE} Conference on Computer Vision and Pattern Recognition, Las Vegas, June 27-30},
  pages={1874--1883},
  year={2016}
}

@conference{CASENet,
  title={Casenet: Deep category-aware semantic edge detection},
  author={Yu, Zhiding and Feng, Chen and Liu, Ming-Yu and Ramalingam, Srikumar},
  booktitle={{IEEE} Conference on Computer Vision and Pattern Recognition, Honolulu, July 21-26},
  pages={5964--5973},
  year={2017}
}

@conference{zheng2019differential,
  title={Differential-Evolution-Based Generative Adversarial Networks for Edge Detection},
  author={Zheng, Wenbo and Gou, Chao and Yan, Lan and Wang, Fei-Yue},
  booktitle={{IEEE/CVF} International Conference on Computer Vision Workshops, Seoul, October 27-28},
  pages  = {2999--3008},
  year={2019}
}
@article{yan2018hierarchical,
  title={Hierarchical multi-scale attention networks for action recognition},
  author={Yan, Shiyang and Smith, Jeremy S and Lu, Wenjin and Zhang, Bailing},
  journal={Signal Processing: Image Communication},
  volume={61},
  pages={73--84},
  year={2018},
  publisher={Elsevier}
}

@conference{chen2016attention,
  title={Attention to scale: Scale-aware semantic image segmentation},
  author={Chen, Liang-Chieh and Yang, Yi and Wang, Jiang and Xu, Wei and Yuille, Alan L},
  booktitle={{IEEE} Conference on Computer Vision and Pattern Recognition,
               Las Vegas,June 27-30},
  pages={3640--3649},
  year={2016}
}
@conference{luo2017understanding,
  author    = {Wenjie Luo and
               Yujia Li and
               Raquel Urtasun and
               Richard S. Zemel},
  title     = {Understanding the Effective Receptive Field in Deep Convolutional
               Neural Networks},
  booktitle = {Advances in Neural Information Processing Systems,
               Barcelona, December 5-10},
  pages     = {4898--4906},
  year      = {2016},
}

@article{krizhevsky2009learning,
  title={Learning multiple layers of features from tiny images},
  author={Krizhevsky, Alex and Hinton, Geoffrey and others},
  year={2009},
  journal={Citeseer},
  publisher={Citeseer}
}

@article{brostow2009semantic,
  title={Semantic object classes in video: A high-definition ground truth database},
  author={Brostow, Gabriel J and Fauqueur, Julien and Cipolla, Roberto},
  journal={Pattern Recognition Letters},
  volume={30},
  number={2},
  pages={88--97},
  year={2009},
  publisher={Elsevier}
}

@conference{deconvolution,
  author    = {Matthew D. Zeiler and
               Dilip Krishnan and
               Graham W. Taylor and
               Robert Fergus},
  title     = {Deconvolutional networks},
  booktitle = {The Twenty-Third {IEEE} Conference on Computer Vision and Pattern
               Recognition, San Francisco,  June 13-18},
  pages     = {2528--2535},
  year      = {2010},
}

@conference{vaswani2017attention,
  title={Attention is all you need},
  author={Vaswani, Ashish and Shazeer, Noam and Parmar, Niki and Uszkoreit, Jakob and Jones, Llion and Gomez, Aidan N and Kaiser, {\L}ukasz and Polosukhin, Illia},
  booktitle = {Advances in Neural Information Processing Systems, Long Beach,  December 4-9},
  pages={5998--6008},
  year={2017}
}

@article{DBLP:journals/corr/WangCYLHHC17,
  author    = {Panqu Wang and
               Pengfei Chen and
               Ye Yuan and
               Ding Liu and
               Zehua Huang and
               Xiaodi Hou and
               Garrison W. Cottrell},
  title     = {Understanding Convolution for Semantic Segmentation},
  journal   = {CoRR},
  volume    = {abs/1702.08502},
  year      = {2017},
}

@conference{nonlocal,
  title={Non-local neural networks},
  author={Wang, Xiaolong and Girshick, Ross and Gupta, Abhinav and He, Kaiming},
  booktitle={2018 {IEEE} Conference on Computer Vision and Pattern Recognition,
               Salt Lake City,  June 18-22},
  pages={7794--7803},
  year={2018}
}

@conference{CCNet,
  title={Ccnet: Criss-cross attention for semantic segmentation},
  author={Huang, Zilong and Wang, Xinggang and Huang, Lichao and Huang, Chang and Wei, Yunchao and Liu, Wenyu},
  booktitle={2019 {IEEE/CVF} International Conference on Computer Vision,  Seoul, October 27 - November 2},
  pages={603--612},
  year={2019}
}

@conference{A2Net,
  title={A2-nets: Double attention networks},
  author={Chen, Yunpeng and Kalantidis, Yannis and Li, Jianshu and Yan, Shuicheng and Feng, Jiashi},
  booktitle={Advances in Neural Information Processing Systems, Montr{\'{e}}al,  December
               3-8},
  pages={352--361},
  year={2018}
}
@conference{yue2018compact,
  title={Compact generalized non-local network},
  author={Yue, Kaiyu and Sun, Ming and Yuan, Yuchen and Zhou, Feng and Ding, Errui and Xu, Fuxin},
  booktitle={Advances in Neural Information Processing Systems, Montr{\'{e}}al, December
               3-8},
  pages={6510--6519},
  year={2018}
}
@conference{DANet,
  title={Dual attention network for scene segmentation},
  author={Fu, Jun and Liu, Jing and Tian, Haijie and Li, Yong and Bao, Yongjun and Fang, Zhiwei and Lu, Hanqing},
  booktitle={{IEEE} Conference on Computer Vision and Pattern Recognition,  Long Beach, June 16-20},
  pages={3146--3154},
  year={2019}
}

@conference{PSANet,
  title={Psanet: Point-wise spatial attention network for scene parsing},
  author={Zhao, Hengshuang and Zhang, Yi and Liu, Shu and Shi, Jianping and Change Loy, Chen and Lin, Dahua and Jia, Jiaya},
  booktitle={{ECCV} - 15th European Conference, Munich,
               September 8-14},
  pages={267--283},
  year={2018}
}

@article{OCNet,
  author    = {Yuhui Yuan and
               Jingdong Wang},
  title     = {OCNet: Object Context Network for Scene Parsing},
  journal   = {CoRR},
  volume    = {abs/1809.00916},
  year      = {2018}
}

@conference{takikawa2019gated,
  title={Gated-scnn: Gated shape cnns for semantic segmentation},
  author={Takikawa, Towaki and Acuna, David and Jampani, Varun and Fidler, Sanja},
  booktitle={{IEEE/CVF} International Conference on Computer Vision, Seoul,  October 27 - November 2},
  pages={5229--5238},
  year={2019}
}

@conference{zhang2018bi,
  title={A bi-directional message passing model for salient object detection},
  author={Zhang, Lu and Dai, Ju and Lu, Huchuan and He, You and Wang, Gang},
  booktitle={{IEEE} Conference on Computer Vision and Pattern Recognition,
               Salt Lake City, June 18-22},
  pages={1741--1750},
  year={2018}
}

@conference{kosiorek2017hierarchical,
  title={Hierarchical attentive recurrent tracking},
  author={Kosiorek, Adam and Bewley, Alex and Posner, Ingmar},
  booktitle={Advances in Neural Information Processing Systems, Long Beach, December 4-9},
  pages={3053--3061},
  year={2017}
}

@conference{wang2017residual,
  title={Residual attention network for image classification},
  author={Wang, Fei and Jiang, Mengqing and Qian, Chen and Yang, Shuo and Li, Cheng and Zhang, Honggang and Wang, Xiaogang and Tang, Xiaoou},
  booktitle={{IEEE} Conference on Computer Vision and Pattern Recognition,
                Honolulu,July 21-26},
  pages={3156--3164},
  year={2017}
}

@conference{zeng2016gated,
  title={Gated bi-directional cnn for object detection},
  author={Zeng, Xingyu and Ouyang, Wanli and Yang, Bin and Yan, Junjie and Wang, Xiaogang},
  booktitle={{ECCV} - 14th European Conference, Amsterdam,
              October 11-14},
  pages={354--369},
  year={2016},
  organization={Springer}
}

@conference{OEF,
  title={Oriented edge forests for boundary detection},
  author={Hallman, Sam and Fowlkes, Charless C},
  booktitle={{IEEE} Conference on Computer Vision and Pattern Recognition, Boston, June 7-12},
  pages={1732--1740},
  year={2015}
}

@conference{HFL,
  title={High-for-low and low-for-high: Efficient boundary detection from deep object features and its applications to high-level vision},
  author={Bertasius, Gedas and Shi, Jianbo and Torresani, Lorenzo},
  booktitle={{IEEE} International Conference on Computer Vision, 
               Santiago, December 7-13},
  pages={504--512},
  year={2015}
}

@conference{gupta2013perceptual,
  title={Perceptual organization and recognition of indoor scenes from RGB-D images},
  author={Gupta, Saurabh and Arbelaez, Pablo and Malik, Jitendra},
  booktitle={{IEEE} Conference on Computer Vision and Pattern Recognition,
               Portland, June 23-28},
  pages={564--571},
  year={2013}
}

@conference{gupta2014learning,
  title={Learning rich features from RGB-D images for object detection and segmentation},
  author={Gupta, Saurabh and Girshick, Ross and Arbel{\'a}ez, Pablo and Malik, Jitendra},
  booktitle={{ECCV} - 13th European Conference, Zurich,
               September 6-12},
  pages={345--360},
  year={2014},
  organization={Springer}
}

@conference{RDS,
  title={Learning relaxed deep supervision for better edge detection},
  author={Liu, Yu and Lew, Michael S},
  booktitle={{IEEE} Conference on Computer Vision and Pattern Recognition,
               Las Vegas, June 27-30},
  pages={231--240},
  year={2016}
}

@article{huang2018robust,
  title={Robust liver vessel extraction using 3D U-Net with variant dice loss function},
  author={Huang, Qing and Sun, Jinfeng and Ding, Hui and Wang, Xiaodong and Wang, Guangzhi},
  journal={Computers in biology and medicine},
  volume={101},
  pages={153--162},
  year={2018},
  publisher={Elsevier}
}